% bibliography.bib — consolidated with new entries

@misc{langstaff2025_temporal_relativity_entropy_clock,
  author = {Langstaff, Christopher M.},
  title  = {Temporal Relativity — Entropy Clock},
  year   = {2025},
  doi    = {10.5281/zenodo.17119049},
  url    = {https://doi.org/10.5281/zenodo.17119049},
  note   = {Zenodo record}
}

@misc{langstaff2025_planck_cell_kinematics,
  author = {Langstaff, Christopher M.},
  title  = {Planck-Cell Kinematics},
  year   = {2025},
  doi    = {10.5281/zenodo.17168478},
  url    = {https://doi.org/10.5281/zenodo.17168478},
  note   = {Zenodo record}
}

@misc{langstaff2025_planck_cell_mass,
  author = {Langstaff, Christopher M.},
  title  = {Planck-Cell Mass},
  year   = {2025},
  doi    = {10.5281/zenodo.17209646},
  url    = {https://doi.org/10.5281/zenodo.17209646},
  note   = {Zenodo record}
}


@book{newton1687principia,
  author    = {Isaac Newton},
  title     = {Philosophiae Naturalis Principia Mathematica},
  year      = {1687},
  publisher = {Royal Society},
  address   = {London},
  note      = {English translation: \emph{The Principia}, trans. I. B. Cohen \& A. Whitman, University of California Press, 1999}
}

@article{einstein1916foundation,
  author  = {Albert Einstein},
  title   = {Die Grundlage der allgemeinen Relativit{\"a}tstheorie},
  journal = {Annalen der Physik},
  volume  = {49},
  pages   = {769--822},
  year    = {1916},
  doi     = {10.1002/andp.19163540702},
  note    = {English: \emph{The Foundation of the General Theory of Relativity}}
}

@article{will2014confrontation,
  author  = {Clifford M. Will},
  title   = {The Confrontation between General Relativity and Experiment},
  journal = {Living Reviews in Relativity},
  volume  = {17},
  number  = {1},
  pages   = {4},
  year    = {2014},
  doi     = {10.12942/lrr-2014-4},
  url     = {https://link.springer.com/article/10.12942/lrr-2014-4}
}

@article{bekenstein1973,
  author  = {J. D. Bekenstein},
  title   = {Black Holes and Entropy},
  journal = {Physical Review D},
  volume  = {7},
  number  = {8},
  pages   = {2333--2346},
  year    = {1973},
  doi     = {10.1103/PhysRevD.7.2333}
}

@article{verlinde2011,
  author  = {Erik P. Verlinde},
  title   = {On the Origin of Gravity and the Laws of Newton},
  journal = {Journal of High Energy Physics},
  volume  = {2011},
  number  = {4},
  pages   = {29},
  year    = {2011},
  doi     = {10.1007/JHEP04(2011)029},
  eprint  = {1001.0785},
  archivePrefix = {arXiv}
}

@book{eddington1920,
  author    = {Arthur S. Eddington},
  title     = {Space, Time and Gravitation: An Outline of the General Relativity Theory},
  publisher = {Cambridge University Press},
  address   = {Cambridge},
  year      = {1920}
}

% ---------- New entries for data and bounds ----------

@article{codata2018,
  author  = {Peter J. Mohr and David B. Newell and Barry N. Taylor},
  title   = {CODATA Recommended Values of the Fundamental Physical Constants: 2018},
  journal = {Reviews of Modern Physics},
  volume  = {93},
  number  = {2},
  pages   = {025010},
  year    = {2021},
  doi     = {10.1103/RevModPhys.93.025010}
}

@misc{nasa_earth_fact,
  author = {{NASA} Goddard Space Flight Center},
  title  = {Earth Fact Sheet},
  year   = {2024},
  note   = {Standard physical parameters for Earth (mass, radius, etc.)}
}

@misc{nasa_moon_fact,
  author = {{NASA} Goddard Space Flight Center},
  title  = {Moon Fact Sheet},
  year   = {2024},
  note   = {Standard physical parameters for the Moon and mean Earth--Moon distance}
}

@article{touboul2022microscope,
  author  = {Pierre Touboul and Gilles M{\'e}tris and Manuel Rodrigues and Yves Andr{\'e} and Quentin Baghi and others},
  title   = {Space Test of the Equivalence Principle: MICROSCOPE Final Results},
  journal = {Physical Review Letters},
  volume  = {129},
  number  = {12},
  pages   = {121102},
  year    = {2022},
  doi     = {10.1103/PhysRevLett.129.121102}
}
