
@book{newton1687principia,
  author    = {Isaac Newton},
  title     = {Philosophiae Naturalis Principia Mathematica},
  year      = {1687},
  publisher = {Royal Society},
  address   = {London},
  note      = {English translation: \emph{The Principia}, trans. I. B. Cohen \& A. Whitman, University of California Press, 1999}
}

@article{einstein1916foundation,
  author  = {Albert Einstein},
  title   = {Die Grundlage der allgemeinen Relativit{\"a}tstheorie},
  journal = {Annalen der Physik},
  volume  = {49},
  pages   = {769--822},
  year    = {1916},
  doi     = {10.1002/andp.19163540702},
  note    = {English: \emph{The Foundation of the General Theory of Relativity}}
}

@article{will2014confrontation,
  author  = {Clifford M. Will},
  title   = {The Confrontation between General Relativity and Experiment},
  journal = {Living Reviews in Relativity},
  volume  = {17},
  number  = {1},
  pages   = {4},
  year    = {2014},
  doi     = {10.12942/lrr-2014-4},
  url     = {https://link.springer.com/article/10.12942/lrr-2014-4}
}

@article{bekenstein1973,
  author  = {J. D. Bekenstein},
  title   = {Black Holes and Entropy},
  journal = {Physical Review D},
  volume  = {7},
  number  = {8},
  pages   = {2333--2346},
  year    = {1973},
  doi     = {10.1103/PhysRevD.7.2333}
}

@article{verlinde2011,
  author  = {Erik P. Verlinde},
  title   = {On the Origin of Gravity and the Laws of Newton},
  journal = {Journal of High Energy Physics},
  volume  = {2011},
  number  = {4},
  pages   = {29},
  year    = {2011},
  doi     = {10.1007/JHEP04(2011)029},
  eprint  = {1001.0785},
  archivePrefix = {arXiv}
}

@book{eddington1920,
  author    = {Arthur S. Eddington},
  title     = {Space, Time and Gravitation: An Outline of the General Relativity Theory},
  publisher = {Cambridge University Press},
  address   = {Cambridge},
  year      = {1920}
}

% ---------- New entries for data and bounds ----------

@article{codata2018,
  author  = {Peter J. Mohr and David B. Newell and Barry N. Taylor},
  title   = {CODATA Recommended Values of the Fundamental Physical Constants: 2018},
  journal = {Reviews of Modern Physics},
  volume  = {93},
  number  = {2},
  pages   = {025010},
  year    = {2021},
  doi     = {10.1103/RevModPhys.93.025010}
}

@misc{nasa_earth_fact,
  author = {{NASA} Goddard Space Flight Center},
  title  = {Earth Fact Sheet},
  year   = {2024},
  note   = {Standard physical parameters for Earth (mass, radius, etc.)}
}

@misc{nasa_moon_fact,
  author = {{NASA} Goddard Space Flight Center},
  title  = {Moon Fact Sheet},
  year   = {2024},
  note   = {Standard physical parameters for the Moon and mean Earth--Moon distance}
}

@article{touboul2022microscope,
  author  = {Pierre Touboul and Gilles M{\'e}tris and Manuel Rodrigues and Yves Andr{\'e} and Quentin Baghi and others},
  title   = {Space Test of the Equivalence Principle: MICROSCOPE Final Results},
  journal = {Physical Review Letters},
  volume  = {129},
  number  = {12},
  pages   = {121102},
  year    = {2022},
  doi     = {10.1103/PhysRevLett.129.121102}
}

@article{langstaff2025_temporal_relativity_entropy_clock,
  author       = {Christopher Michael Langstaff},
  title        = {Temporal Relativity — The Entropy Clock (\(\Delta S = \Delta \tau\))},
  journal      = {Zenodo},
  year         = {2025},
  doi          = {10.5281/zenodo.17119049},
  url          = {https://doi.org/10.5281/zenodo.17119049},
  abstract     = {Foundational postulate \(\Delta S = \Delta \tau\) defining one entropy unit per tick, discrete adjacency, and time-based causality in the Planck-Cell S/t framework.},
  version      = {v2.0.0},
  license      = {CC BY 4.0}
}

@article{langstaff2025_planck_cell_kinematics,
  author       = {Christopher Michael Langstaff},
  title        = {Planck-Cell Kinematics},
  journal      = {Zenodo},
  year         = {2025},
  doi          = {10.5281/zenodo.17420858},
  url          = {https://doi.org/10.5281/zenodo.17420858},
  abstract     = {Kinematic scaling relations of the Planck-Cell S/t framework: discrete tick index \(k\), cubic scale law \(a(k) \propto k^{1/3}\), and bounded adjacency graph propagation calibrated to cosmological expansion data.},
  version      = {v2.0.1},
  license      = {CC BY 4.0}
}

@article{langstaff2025_planck_cell_mass,
  author       = {Christopher Michael Langstaff},
  title        = {Planck-Cell Mass},
  journal      = {Zenodo},
  year         = {2025},
  doi          = {10.5281/zenodo.17420897},
  url          = {https://doi.org/10.5281/zenodo.17420897},
  abstract     = {Derivation of inertial and rest mass from the Planck-Cell S/t framework: tick-based kinematics, local energy accounting, and calibration against rest-energy and momentum-transfer relations.},
  version      = {v2.0.0},
  license      = {CC BY 4.0}
}

@article{einstein1905,
  author       = {Einstein, Albert},
  title        = {Zur Elektrodynamik bewegter Körper},
  titleaddon   = {On the Electrodynamics of Moving Bodies},
  journal      = {Annalen der Physik},
  volume       = {17},
  pages        = {891--921},
  year         = {1905},
  doi          = {10.1002/andp.19053221004},
  url          = {https://doi.org/10.1002/andp.19053221004},
  note         = {English translation available in \emph{The Principle of Relativity} (Dover, 1952).}
}

@article{abbott2017gw170817,
  author       = {Abbott, B. P. and others},
  collaboration= {LIGO Scientific Collaboration and Virgo Collaboration},
  title        = {GW170817: Observation of Gravitational Waves from a Binary Neutron Star Inspiral},
  journal      = {Physical Review Letters},
  volume       = {119},
  number       = {16},
  pages        = {161101},
  year         = {2017},
  doi          = {10.1103/PhysRevLett.119.161101},
  url          = {https://doi.org/10.1103/PhysRevLett.119.161101}
}
